% Encoding: UTF-8


@misc{agnerorg,
	author    = "Agner Fog",
	title     = "Software optimization resources - {T}he microarchitecture of {I}ntel, {AMD} and {VIA CPU}s: An optimization guide for assembly programmers and compiler makers",
	howpublished = {\url{http://www.agner.org/optimize/microarchitecture.pdf}}
}

@misc{wikichip,
	author    = "Various",
	title     = "Xeon E7-8850 - Intel",
	howpublished = {\url{https://en.wikichip.org/wiki/intel/xeon_e7/e7-8850}}
}



@Book{Pinedo:2008vs,
  title     = {{Scheduling - Theory, Algorithms, and Systems}},
  publisher = {Springer},
  year      = {2008},
  author    = {Pinedo, Michael L.},
  edition   = {3},
  month     = jul,
  doi       = {10.1007/978-1-4614-2361-4},
}

@Comment{jabref-meta: databaseType:bibtex;}
